<?xml version="1.0" encoding="UTF-8"?><collection xmlns="http://www.loc.gov/MARC21/slim"><record><leader>00498nam--2200157-i-4500</leader><controlfield tag="001">000007921</controlfield><controlfield tag="002">20161230</controlfield><controlfield tag="005">20170206185811</controlfield><controlfield tag="008">060222s1000------------r-----000-0-eng-d</controlfield><datafield ind1=" " ind2=" " tag="100"><subfield code="a">D Abro, A</subfield></datafield><datafield ind1=" " ind2=" " tag="245"><subfield code="a">The rise of the new physics. Its mathematical and physical theories formerly titled decline of mechanism</subfield></datafield><datafield ind1=" " ind2=" " tag="260"><subfield code="a">New York</subfield><subfield code="b">Dover Publ., Inc</subfield><subfield code="c">1951</subfield></datafield><datafield ind1=" " ind2=" " tag="300"><subfield code="a">/-429-982/ p</subfield></datafield><datafield ind1=" " ind2=" " tag="490"><subfield code="a">Dover Books On Physics And Mathematical Physics</subfield></datafield><datafield ind1=" " ind2=" " tag="852"><subfield code="a">530.1</subfield></datafield><datafield ind1=" " ind2=" " tag="CAT"><subfield code="a">SYS</subfield><subfield code="c">20170206</subfield><subfield code="h">185811</subfield></datafield></record></collection>